@article{paper1,
  title={Behind the Scene of Side Channel Attacks - Extended Version},
  author={Victor Lomn√©, Emmanuel Prouff, and Thomas Roche},
  journal={ANSSI},
  year={2013},
  note={51, Bd de la Tour-Maubourg, 75700 Paris 07 SP, France}
}

@article{Fu2017LinearRS,
  title={Linear Regression Side Channel Attack Applied on Constant XOR},
  author={Shan Fu and Zongyue Wang and Fanxing Wei and Guoai Xu and An Wang},
  journal={IACR Cryptol. ePrint Arch.},
  year={2017},
  volume={2017},
  pages={1217},
  url={https://api.semanticscholar.org/CorpusID:3966570}
}

@inproceedings{moussaaliabdellatif:emse-01490735,
  TITLE = {{Filtering-based CPA: a successful side-channel attack against desynchronization countermeasures}},
  AUTHOR = {Moussa Ali Abdellatif, Karim and Courouss{\'e}, Damien and Potin, Olivier and Jaillon, Philippe},
  URL = {https://hal-emse.ccsd.cnrs.fr/emse-01490735},
  BOOKTITLE = {{Fourth Workshop on Cryptography and Security in Computing Systems (CS2 '17)}},
  ADDRESS = {Stockholm, Sweden},
  PAGES = {29-32},
  YEAR = {2017},
  MONTH = Jan,
  DOI = {10.1145/3031836.3031842},
  PDF = {https://hal-emse.ccsd.cnrs.fr/emse-01490735/file/Abdellatif2017.pdf},
  HAL_ID = {emse-01490735},
  HAL_VERSION = {v1},
}

@ARTICLE{9400816,
  author={Kwon, Donggeun and Kim, Heeseok and Hong, Seokhie},
  journal={IEEE Access}, 
  title={Non-Profiled Deep Learning-Based Side-Channel Preprocessing With Autoencoders}, 
  year={2021},
  volume={9},
  number={},
  pages={57692-57703},
  keywords={Side-channel attacks;Deep learning;Performance evaluation;Noise reduction;Correlation;Training;Noise measurement;Autoencoder;side-channel attacks;non-profiled;preprocessing;cryptography},
  doi={10.1109/ACCESS.2021.3072653}
}

@article{Fan2022,
  title = {Power Analysis Attack Based on Hamming Weight Model without Brute Force Cracking},
  author = {Xiaohong Fan and Jianmin Tong and You Li and Xiaoyi Duan and Yu Ren},
  journal = {Security and Communication Networks},
  volume = {2022},
  pages = {11},
  year = {2022},
  article-id = {7375097},
  url = {https://doi.org/10.1155/2022/7375097}
}

@misc{AES_HD_Ext,
  author = {Shivam Bhasin and Dirmanto Jap and Stjepan Picek},
  title  = {{AES HD dataset - 500\,000 traces}},
  howpublished = {AISyLab repository},
  note   = {{\url{https://github.com/AISyLab/AES_HD_2}}},
  year   = {2020}
}
